@book{james04,
	title={The Wisdom of Crowds: Why the Many Are Smarter than theFew and How Collective Wisdom Shapes Business, Economies, Societies and Nations,},
	author={James Michael Surowiecki},
	year={2004},
}

@book{tukey1977,
	title={Exploratory data analysis},
	author={Tukey, John W and others},
	volume={2},
	year={1977},
	publisher={Reading}
}
@article{breiman1996bagging,
	title={Bagging predictors},
	author={Breiman, Leo},
	journal={Machine learning},
	volume={24},
	number={2},
	pages={123--140},
	year={1996},
	publisher={Springer}
}
@article{hansen1990neural,
	title={Neural network ensembles},
	author={Hansen, Lars Kai and Salamon, Peter},
	journal={IEEE transactions on pattern analysis and machine intelligence},
	volume={12},
	number={10},
	pages={993--1001},
	year={1990},
	publisher={IEEE}
}
@inproceedings{freund1996experiments,
	title={Experiments with a new boosting algorithm},
	author={Freund, Yoav and Schapire, Robert E and others},
	booktitle={icml},
	volume={96},
	pages={148--156},
	year={1996},
	organization={Citeseer}
}
@article{oza2008classifier,
	title={Classifier ensembles: Select real-world applications},
	author={Oza, Nikunj C and Tumer, Kagan},
	journal={Information fusion},
	volume={9},
	number={1},
	pages={4--20},
	year={2008},
	publisher={Elsevier}
}

@inproceedings{wang2008some,
	title={Some fundamental issues in ensemble methods},
	author={Wang, Wenjia},
	booktitle={2008 IEEE International Joint Conference on Neural Networks (IEEE World Congress on Computational Intelligence)},
	pages={2243--2250},
	year={2008},
	organization={IEEE}
}
@book{zhou2012ensemble,
	title={Ensemble methods: foundations and algorithms},
	author={Zhou, Zhi-Hua},
	year={2012},
	publisher={CRC press}
}
@inproceedings{huang2009research,
	title={Research on ensemble learning},
	author={Huang, Faliang and Xie, Guoqing and Xiao, Ruliang},
	booktitle={2009 International Conference on Artificial Intelligence and Computational Intelligence},
	volume={3},
	pages={249--252},
	year={2009},
	organization={IEEE}
}
@article{dietterich1997machine,
	title={Machine-learning research},
	author={Dietterich, Thomas G},
	journal={AI magazine},
	volume={18},
	number={4},
	pages={97--97},
	year={1997}
}
@book{kittler2003multiple,
	title={Multiple Classifier Systems: First International Workshop, MCS 2000 Cagliari, Italy, June 21-23, 2000 Proceedings},
	author={Kittler, Josef and Roli, Fabio},
	year={2003},
	publisher={Springer}
}